@ARTICLE{938381, 
author={Dissanayake, M. W M G and Newman, P. and Clark, S. and Durrant-Whyte, H.F. and Csorba, M.}, 
journal={Robotics and Automation, IEEE Transactions on}, 
title={A solution to the simultaneous localization and map building (SLAM) problem}, 
year={2001}, 
month={Jun}, 
volume={17}, 
number={3}, 
pages={229-241}, 
keywords={covariance matrices;estimation theory;filtering theory;mobile robots;path planning;state estimation;SLAM problem;absolute accuracy;absolute vehicle location;autonomous vehicle;estimation-theoretic foundations;map management;millimeter-wave radar;outdoor environment;perfect map;relative map;simultaneous localization and map building problem;suboptimal map-building algorithms;unknown environment;unknown location;Environmental management;Helium;Mechatronics;Millimeter wave radar;Mobile robots;Motion planning;Navigation;Remotely operated vehicles;Simultaneous localization and mapping;Uncertainty}, 
doi={10.1109/70.938381}, 
ISSN={1042-296X},}